@inproceedings{Holland:2013,
  author =       {Holland, C. and Garza, A. and Kurtova, E. and Cruz, J. and Komogortsev, O.V.},
  title =        {Usability Evaluation of Eye Tracking on an Unmodified Common Tablet},
  booktitle =    {Extended Abstracts on Human Factors in Computing Systems (CHI '13)},
  year =         2013,
  pages =        {1--6},
  publisher =    {ACM Press},
}

@inproceedings{Holland:2012,
  author =       {Holland, C. and Komogortsev, O.V.},
  title =        {Eye Tracking on Unmodified Common Tablets: Challenges and Solutions},
  booktitle =    {Proceedings of the Symposium on Eye Tracking Research and Applications (ETRA '12)},
  year =         2012,
  pages =        {277--280},
  publisher =    {ACM Press},
}

@inproceedings{Sewell:2010,
  author =       {Sewell, W. and Komogortsev, O.V.},
  title =        {Real-Time Eye Gaze Tracking With an Unmodified Commodity Webcam Employing a Neural Network},
  booktitle =    {Extended Abstracts on Human Factors in Computing Systems (CHI '10)},
  year =         2010,
  pages =        {3739--3744},
  publisher =    {ACM Press},
}

@inproceedings{Zhu:2002,
  author =       {Zhu, Z. and Fujimura, K. and Ji, Q.},
  title =        {Real-Time Eye Detection and Tracking under Various Light Conditions},
  booktitle =    {Proceedings of the Symposium on Eye Tracking Research and Applications (ETRA '02)},
  year =         2002,
  pages =        {139--144},
  publisher =    {ACM Press},
}

@article{Morimoto:2000,
  title =        {Pupil Detection and Tracking Using Multiple Light Sources},
  author =       {C. H. Morimoto and D. Koons and A. Amir and M. D. Flickner},
  doi =          "10.1016/S0262-8856(99)00053-0",
  journal =      "Image and Vision Computing",
  year =         2000,
  volume =       18,
  number =       4,
  pages =        "331-335"
}